@book{COMPSTAT1994,
  editor    = {Rudolf Dutter and Wilfried Grossmann},
  title     = {COMPSTAT: Proceedings of the 11th Symposium on Computational Statistics, Vienna, Austria, 1994},
  publisher = {Physica-Verlag},
  year      = {1994},
  address   = {Heidelberg, Germany},
  isbn      = {978-3-642-52463-9},
  doi       = {10.1007/978-3-642-52463-9},
  url       = {https://link.springer.com/book/10.1007/978-3-642-52463-9}
}
