@misc{GUPTA2024COVC,
  author    = {Suraj Gupta},
  title     = {cov.c in the R Source Code},
  year      = {2024},
  url       = {https://github.com/SurajGupta/r-source/blob/56becd21c75d104bfec829f9c23baa2e144869a2/src/library/stats/src/cov.c},
  note      = {Accessed: 2024-11-17}
}