@article{PARK1993,
  title={Technical correspondence: Response},
  author={Park, Stephen K and Miller, Keith W and Stockmeyer, Paul K},
  journal={Communications of the ACM},
  volume={36},
  number={7},
  pages={108--110},
  year={1993},
  url={https://go.gale.com/ps/i.do?id=GALE%7CA14026315&sid=googleScholar&v=2.1&it=r&linkaccess=abs&issn=00010782&p=AONE&sw=w&userGroupName=anon%7Efbf34f40&aty=open-web-entry},
}

@article{LEWIS1969,
  title={A pseudo-random number generator for the System/360},
  author={Lewis, Peter A. W. and Goodman, Allan S. and Miller, James M.},
  journal={IBM Systems Journal},
  volume={8},
  number={2},
  pages={136--146},
  year={1969},
  publisher={IBM},
  url={https://ieeexplore.ieee.org/abstract/document/5388354},
}